@book {aubin,
    AUTHOR = {Aubin, T.},
     TITLE = {Nonlinear analysis on manifolds. {M}onge--{A}mp\`ere equations},
    SERIES = {Grundlehren der mathematischen Wissenschaften},
    VOLUME = {252},
 %PUBLISHER = {Springer-Verlag, New York},
      YEAR = {1982},
    % PAGES = {xii+204},
      ISBN = {0-387-90704-1},
   MRCLASS = {58-02 (35J60 35N99 53-02 58G30)},
  MRNUMBER = {681859},
MRREVIEWER = {A. G. Ramm},
       DOI = {10.1007/978-1-4612-5734-9},
       URL = {https://doi.org/10.1007/978-1-4612-5734-9},
}

@book {burago-zalgaller,
    AUTHOR = {Burago, Yu. D. and Zalgaller, V. A.},
     TITLE = {Geometric inequalities},
    SERIES = {Grundlehren der mathematischen Wissenschaften},
    VOLUME = {285},
% PUBLISHER = {Springer-Verlag, Berlin},
      YEAR = {1988},
   %  PAGES = {xiv+331},
      ISBN = {3-540-13615-0},
   MRCLASS = {52A40 (53-02)},
  MRNUMBER = {936419},
       DOI = {10.1007/978-3-662-07441-1},
       URL = {https://doi.org/10.1007/978-3-662-07441-1},
}

@Article{fary,
    Author = {Fáry, I.},
    Title = {Sur certaines inégalités géométriques},
    FJournal = {Acta Scientiarum Mathematicarum},
    Journal = {Acta Sci. Math.},
    ISSN = {0001-6969},
    Volume = {12},
    Pages = {117--124},
    Year = {1950},
 %   Publisher = {University of Szeged, Bolyai Institute, Szeged},
    Language = {French},
    Zbl = {0039.16801}
}

@InCollection{tabachnikov,
    Author = {S. {Tabachnikov}},
    Title = {The tale of a geometric inequality.},
    BookTitle = {{MASS selecta: teaching and learning advanced undergraduate mathematics}},
    ISBN = {0-8218-3363-4/hbk},
    Pages = {257--262},
    Year = {2003},
   % Publisher = {Providence, RI: American Mathematical Society (AMS)},
    Language = {English},
    MSC2010 = {53A04 53C65},
    Zbl = {1093.53001}
}

@misc{gromov1,
doi = {10.48550/ARXIV.2203.14013},
author = {Gromov, M.},
title = {Scalar curvature, injectivity radius and immersions with small second fundamental forms},
year = {2022},
      eprint={2203.14013v2},
      archivePrefix={arXiv},
      primaryClass={math.DG}
}

@misc{gromov2,
doi = {10.48550/ARXIV.2210.13256},
author = {Gromov, M.},
title = {Curvature, Kolmogorov diameter, Hilbert rational designs and overtwisted immersions},
year={2022},
      eprint={2210.13256},
      archivePrefix={arXiv},
      primaryClass={math.DG}
}


@misc{gromov3,
author = {Gromov, M.},
title = {Isometric immersions with controlled curvatures},
year={2022},
      eprint={2212.06122v1},
      archivePrefix={arXiv},
      primaryClass={math.DG}
}

@article {gromov-lawson,
    AUTHOR = {Gromov, M. and Lawson, B.},
     TITLE = {Spin and scalar curvature in the presence of a fundamental
              group. {I}},
   JOURNAL = {Ann. of Math. (2)},
  FJOURNAL = {Annals of Mathematics. Second Series},
    VOLUME = {111},
      YEAR = {1980},
    NUMBER = {2},
     PAGES = {209--230},
      ISSN = {0003-486X},
   MRCLASS = {53C05 (57R99)},
  MRNUMBER = {569070},
MRREVIEWER = {N. J. Hitchin},
       DOI = {10.2307/1971198},
       URL = {https://doi.org/10.2307/1971198},
}

@article {petrunin,
    AUTHOR = {Petrunin, A.},
     TITLE = {Polyhedral approximations of {R}iemannian manifolds},
   JOURNAL = {Turkish J. Math.},
  FJOURNAL = {Turkish Journal of Mathematics},
    VOLUME = {27},
      YEAR = {2003},
    NUMBER = {1},
     PAGES = {173--187},
      ISSN = {1300-0098},
   MRCLASS = {53C20},
  MRNUMBER = {1975337},
MRREVIEWER = {Igor Belegradek},
}

@MISC {445819,
    TITLE = {Normal curvature of Veronese embedding},
    AUTHOR = {A. Petrunin},
    HOWPUBLISHED = {MathOverflow},
    %NOTE = {URL:https://mathoverflow.net/q/445819 (version: 2023-05-03)},
    EPRINT = {https://mathoverflow.net/q/445819},
    URL = {https://mathoverflow.net/q/445819}
}

@book{petrunin-zamora,
      title={What is differential geometry: curves and surfaces}, 
      author={A. Petrunin and S. Zamora Barrera},
      year={2022},
      eprint={2012.11814},
      archivePrefix={arXiv},
      primaryClass={math.HO}
}

@article {shur,
    AUTHOR = {Schur, A.},
     TITLE = {\"{U}ber die {S}chwarzsche {E}xtremaleigenschaft des {K}reises
              unter den {K}urven konstanter {K}r\"{u}mmung},
   JOURNAL = {Math. Ann.},
  FJOURNAL = {Mathematische Annalen},
    VOLUME = {83},
      YEAR = {1921},
    NUMBER = {1-2},
     PAGES = {143--148},
      ISSN = {0025-5831},
   MRCLASS = {DML},
  MRNUMBER = {1512005},
       DOI = {10.1007/BF01464234},
       URL = {https://doi.org/10.1007/BF01464234},
}
